

@inproceedings{zhang2022gstarx,
 author = {Zhang, Shichang and Liu, Yozen and Shah, Neil and Sun, Yizhou},
 booktitle = {Advances in Neural Information Processing Systems},
 pages = {19810--19823},
 title = {GStarX: Explaining Graph Neural Networks with Structure-Aware Cooperative Games},
 volume = {35},
 year = {2022}
}



@inproceedings{li2023dag,
title={{DAG} Matters! {GF}lowNets Enhanced Explainer for Graph Neural Networks},
author={Wenqian Li and Yinchuan Li and Zhigang Li and Jianye HAO and Yan Pang},
booktitle={The Eleventh International Conference on Learning Representations },
year={2023},
url={https://openreview.net/forum?id=jgmuRzM-sb6}
}


@article{haefeli2022diffusion,
  author       = {Kilian Konstantin Haefeli and
                  Karolis Martinkus and
                  Nathana{\"{e}}l Perraudin and
                  Roger Wattenhofer},
  title        = {Diffusion Models for Graphs Benefit From Discrete State Spaces},
  journal      = {CoRR},
  volume       = {abs/2210.01549},
  year         = {2022}
}

@inproceedings{vignac2023digress,
  author       = {Cl{\'{e}}ment Vignac and
                  Igor Krawczuk and
                  Antoine Siraudin and
                  Bohan Wang and
                  Volkan Cevher and
                  Pascal Frossard},
  title        = {DiGress: Discrete Denoising diffusion for graph generation},
  booktitle    = {The Eleventh International Conference on Learning Representations,
                  {ICLR} 2023, Kigali, Rwanda, May 1-5, 2023},
  year         = {2023}
}

@article{teague2015zinc,
  author       = {Teague Sterling and
                  John J. Irwin},
  title        = {{ZINC} 15 - Ligand Discovery for Everyone},
  journal      = {J. Chem. Inf. Model.},
  volume       = {55},
  number       = {11},
  pages        = {2324--2337},
  year         = {2015}
}

@inproceedings{xu2019Powerful,
  author       = {Keyulu Xu and
                  Weihua Hu and
                  Jure Leskovec and
                  Stefanie Jegelka},
  title        = {How Powerful are Graph Neural Networks?},
  booktitle    = {7th International Conference on Learning Representations, {ICLR} 2019,
                  New Orleans, LA, USA, May 6-9, 2019},
  year         = {2019}
}

@inproceedings{wang2021towards,
 author = {Wang, Xiang and Wu, Yingxin and Zhang, An and He, Xiangnan and Chua, Tat-Seng},
 booktitle = {Advances in Neural Information Processing Systems},
 pages = {18446--18458},
 title = {Towards Multi-Grained Explainability for Graph Neural Networks},
 volume = {34},
 year = {2021}
}


@article{kazius2005derivation,
  title={Derivation and validation of toxicophores for mutagenicity prediction},
  author={Kazius, Jeroen and McGuire, Ross and Bursi, Roberta},
  journal={Journal of medicinal chemistry},
  volume={48},
  number={1},
  pages={312--320},
  year={2005}
}


@incollection{Bengio+chapter2007,
author = {Bengio, Yoshua and LeCun, Yann},
booktitle = {Large Scale Kernel Machines},
publisher = {MIT Press},
title = {Scaling Learning Algorithms Towards {AI}},
year = {2007}
}

@book{billingsley2017probability,
  title={Probability and measure},
  author={Billingsley, Patrick},
  year={2017},
  publisher={John Wiley \& Sons}
}

@article{tebbe1968uncertainty,
  title={Uncertainty and the probability of error (Corresp.)},
  author={Tebbe, D and Dwyer, S},
  journal={IEEE Transactions on Information theory},
  volume={14},
  number={3},
  pages={516--518},
  year={1968},
  publisher={IEEE}
}

@inproceedings{tishby2015deep,
  title={Deep learning and the information bottleneck principle},
  author={Tishby, Naftali and Zaslavsky, Noga},
  booktitle={2015 ieee information theory workshop (itw)},
  pages={1--5},
  year={2015},
  organization={IEEE}
}

@article{yu2020graph,
  title={Graph information bottleneck for subgraph recognition},
  author={Yu, Junchi and Xu, Tingyang and Rong, Yu and Bian, Yatao and Huang, Junzhou and He, Ran},
  journal={arXiv preprint arXiv:2010.05563},
  year={2020}
}


@inproceedings{miao2022interpretable,
  title={Interpretable and generalizable graph learning via stochastic attention mechanism},
  author={Miao, Siqi and Liu, Mia and Li, Pan},
  booktitle={International Conference on Machine Learning},
  pages={15524--15543},
  year={2022},
  organization={PMLR}
}


@article{tishby2000information,
  title={The information bottleneck method},
  author={Tishby, Naftali and Pereira, Fernando C and Bialek, William},
  journal={arXiv preprint physics/0004057},
  year={2000}
}

@article{amara2023ginx,
  title={GInX-Eval: Towards In-Distribution Evaluation of Graph Neural Network Explanations},
  author={Amara, Kenza and El-Assady, Mennatallah and Ying, Rex},
  journal={arXiv preprint arXiv:2309.16223},
  year={2023}
}

@article{luo2024towards,
  title={Towards Inductive and Efficient Explanations for Graph Neural Networks},
  author={Luo, Dongsheng and Zhao, Tianxiang and Cheng, Wei and Xu, Dongkuan and Han, Feng and Yu, Wenchao and Liu, Xiao and Chen, Haifeng and Zhang, Xiang},
  journal={IEEE Transactions on Pattern Analysis and Machine Intelligence},
  year={2024},
  publisher={IEEE}
}

@article{kramer1991nonlinear,
  title={Nonlinear principal component analysis using autoassociative neural networks},
  author={Kramer, Mark A},
  journal={AIChE journal},
  volume={37},
  number={2},
  pages={233--243},
  year={1991},
  publisher={Wiley Online Library}
}

@article{bajaj2021robust,
  title={Robust counterfactual explanations on graph neural networks},
  author={Bajaj, Mohit and Chu, Lingyang and Xue, Zi Yu and Pei, Jian and Wang, Lanjun and Lam, Peter Cho-Ho and Zhang, Yong},
  journal={Advances in Neural Information Processing Systems},
  volume={34},
  pages={5644--5655},
  year={2021}
}

@article{hase2021out,
  title={The out-of-distribution problem in explainability and search methods for feature importance explanations},
  author={Hase, Peter and Xie, Harry and Bansal, Mohit},
  journal={Advances in neural information processing systems},
  volume={34},
  pages={3650--3666},
  year={2021}
}

@article{hooker2019benchmark,
  title={A benchmark for interpretability methods in deep neural networks},
  author={Hooker, Sara and Erhan, Dumitru and Kindermans, Pieter-Jan and Kim, Been},
  journal={Advances in neural information processing systems},
  volume={32},
  year={2019}
}


@article{kovalevsky1968problem,
  title={The problem of character recognition from the point of view of mathematical statistics},
  author={Kovalevsky, Vladimir A},
  journal={Character Readers and Pattern Recognition},
  pages={3--30},
  year={1968},
  publisher={Spartan New York}
}

@inproceedings{sakai2017sharp,
  title={Sharp bounds on Arimoto's conditional R{\'e}nyi entropies between two distinct orders},
  author={Sakai, Yuta and Iwata, Ken-ichi},
  booktitle={2017 IEEE International Symposium on Information Theory (ISIT)},
  pages={2975--2979},
  year={2017},
  organization={IEEE}
}

@book{csiszar2011information,
  title={Information theory: coding theorems for discrete memoryless systems},
  author={Csisz{\'a}r, Imre and K{\"o}rner, J{\'a}nos},
  year={2011},
  publisher={Cambridge University Press}
}


@book{devroye2013probabilistic,
  title={A probabilistic theory of pattern recognition},
  author={Devroye, Luc and Gy{\"o}rfi, L{\'a}szl{\'o} and Lugosi, G{\'a}bor},
  volume={31},
  year={2013},
  publisher={Springer Science \& Business Media}
}


@book{cover1999elements,
  title={Elements of information theory},
  author={Cover, Thomas M},
  year={1999},
  publisher={John Wiley \& Sons}
}
@article{Hinton06,
author = {Hinton, Geoffrey E. and Osindero, Simon and Teh, Yee Whye},
journal = {Neural Computation},
pages = {1527--1554},
title = {A Fast Learning Algorithm for Deep Belief Nets},
volume = {18},
year = {2006}
}

@book{goodfellow2016deep,
title={Deep learning},
author={Goodfellow, Ian and Bengio, Yoshua and Courville, Aaron and Bengio, Yoshua},
volume={1},
year={2016},
publisher={MIT Press}
}

@article{ying2019gnnexplainer,
  title={Gnnexplainer: Generating explanations for graph neural networks},
  author={Ying, Zhitao and Bourgeois, Dylan and You, Jiaxuan and Zitnik, Marinka and Leskovec, Jure},
  journal={Advances in neural information processing systems},
  volume={32},
  year={2019}
}

@article{luo2020parameterized,
  title={Parameterized explainer for graph neural network},
  author={Luo, Dongsheng and Cheng, Wei and Xu, Dongkuan and Yu, Wenchao and Zong, Bo and Chen, Haifeng and Zhang, Xiang},
  journal={Advances in neural information processing systems},
  volume={33},
  pages={19620--19631},
  year={2020}
}


@inproceedings{
chuang2023cortx,
title={Co{RTX}: Contrastive Framework for Real-time Explanation},
author={Yu-Neng Chuang and Guanchu Wang and Fan Yang and Quan Zhou and Pushkar Tripathi and Xuanting Cai and Xia Hu},
booktitle={The Eleventh International Conference on Learning Representations },
year={2023},
url={https://openreview.net/forum?id=L2MUOUp0beo}
}

@inproceedings{goyal2019counterfactual,
  title={Counterfactual visual explanations},
  author={Goyal, Yash and Wu, Ziyan and Ernst, Jan and Batra, Dhruv and Parikh, Devi and Lee, Stefan},
  booktitle={International Conference on Machine Learning},
  pages={2376--2384},
  year={2019},
  organization={PMLR}
}

@inproceedings{yuan2020xgnn,
  title={Xgnn: Towards model-level explanations of graph neural networks},
  author={Yuan, Hao and Tang, Jiliang and Hu, Xia and Ji, Shuiwang},
  booktitle={Proceedings of the 26th ACM SIGKDD International Conference on Knowledge Discovery \& Data Mining},
  pages={430--438},
  year={2020}
}

@article{vu2020pgm,
  title={Pgm-explainer: Probabilistic graphical model explanations for graph neural networks},
  author={Vu, Minh and Thai, My T},
  journal={Advances in neural information processing systems},
  volume={33},
  pages={12225--12235},
  year={2020}
}

@inproceedings{amara2022graphframex,
  title={GraphFramEx: Towards Systematic Evaluation of Explainability Methods for Graph Neural Networks},
  author={Amara, Kenza and Ying, Zhitao and Zhang, Zitao and Han, Zhichao and Zhao, Yang and Shan, Yinan and Brandes, Ulrik and Schemm, Sebastian and Zhang, Ce},
  booktitle={Learning on Graphs Conference},
  pages={44--1},
  year={2022},
  organization={PMLR}
}

@article{agarwal2023evaluating,
  title={Evaluating Explainability for Graph Neural Networks},
  author={Agarwal, Chirag and Queen, Owen and Lakkaraju, Himabindu and Zitnik, Marinka},
  journal={Scientific Data},
  volume={10},
  number={144},
  url={https://www.nature.com/articles/s41597-023-01974-x},
  year={2023},
  publisher={Nature Publishing Group}
}

@article{liu2021dig,
  title={DIG: A turnkey library for diving into graph deep learning research},
  author={Liu, Meng and Luo, Youzhi and Wang, Limei and Xie, Yaochen and Yuan, Hao and Gui, Shurui and Yu, Haiyang and Xu, Zhao and Zhang, Jingtun and Liu, Yi and others},
  journal={The Journal of Machine Learning Research},
  volume={22},
  number={1},
  pages={10873--10881},
  year={2021},
  publisher={JMLRORG}
}

@article{rathee2022bagel,
  title={BAGEL: A Benchmark for Assessing Graph Neural Network Explanations},
  author={Rathee, Mandeep and Funke, Thorben and Anand, Avishek and Khosla, Megha},
  journal={arXiv preprint arXiv:2206.13983},
  year={2022}
}

@article{kosan2023gnnx,
  title={GNNX-BENCH: Unravelling the Utility of Perturbation-based GNN Explainers through In-depth Benchmarking},
  author={Kosan, Mert and Verma, Samidha and Armgaan, Burouj and Pahwa, Khushbu and Singh, Ambuj and Medya, Sourav and Ranu, Sayan},
  journal={arXiv preprint arXiv:2310.01794},
  year={2023}
}


@inproceedings{yuan2021explainability,
  title={On explainability of graph neural networks via subgraph explorations},
  author={Yuan, Hao and Yu, Haiyang and Wang, Jie and Li, Kang and Ji, Shuiwang},
  booktitle={International Conference on Machine Learning},
  pages={12241--12252},
  year={2021},
  organization={PMLR}
}

@article{gao2010survey,
  title={A survey of graph edit distance},
  author={Gao, Xinbo and Xiao, Bing and Tao, Dacheng and Li, Xuelong},
  journal={Pattern Analysis and applications},
  volume={13},
  pages={113--129},
  year={2010},
  publisher={Springer}
}

@article{nauta2022anecdotal,
  title={From anecdotal evidence to quantitative evaluation methods: A systematic review on evaluating explainable ai},
  author={Nauta, Meike and Trienes, Jan and Pathak, Shreyasi and Nguyen, Elisa and Peters, Michelle and Schmitt, Yasmin and Schl{\"o}tterer, J{\"o}rg and van Keulen, Maurice and Seifert, Christin},
  journal={ACM Computing Surveys},
  year={2022},
  publisher={ACM New York, NY}
}

@article{yuan2022explainability,
  title={Explainability in graph neural networks: A taxonomic survey},
  author={Yuan, Hao and Yu, Haiyang and Gui, Shurui and Ji, Shuiwang},
  journal={IEEE Transactions on Pattern Analysis and Machine Intelligence},
  year={2022},
  publisher={IEEE}
}

@article{rong2023efficient,
  title={Efficient GNN Explanation via Learning Removal-based Attribution},
  author={Rong, Yao and Wang, Guanchu and Feng, Qizhang and Liu, Ninghao and Liu, Zirui and Kasneci, Enkelejda and Hu, Xia},
  journal={arXiv preprint arXiv:2306.05760},
  year={2023}
}


@article{scarselli2008graph,
  title={The graph neural network model},
  author={Scarselli, Franco and Gori, Marco and Tsoi, Ah Chung and Hagenbuchner, Markus and Monfardini, Gabriele},
  journal={IEEE transactions on neural networks},
  volume={20},
  number={1},
  pages={61--80},
  year={2008},
  publisher={IEEE}
}

@article{xiong2021graph,
  title={Graph neural networks for automated de novo drug design},
  author={Xiong, Jiacheng and Xiong, Zhaoping and Chen, Kaixian and Jiang, Hualiang and Zheng, Mingyue},
  journal={Drug Discovery Today},
  volume={26},
  number={6},
  pages={1382--1393},
  year={2021},
  publisher={Elsevier}
}

@article{wu2022graph,
  title={Graph neural networks in recommender systems: a survey},
  author={Wu, Shiwen and Sun, Fei and Zhang, Wentao and Xie, Xu and Cui, Bin},
  journal={ACM Computing Surveys},
  volume={55},
  number={5},
  pages={1--37},
  year={2022},
  publisher={ACM New York, NY}
}


@inproceedings{dai2020scalable,
  title={Scalable deep generative modeling for sparse graphs},
  author={Dai, Hanjun and Nazi, Azade and Li, Yujia and Dai, Bo and Schuurmans, Dale},
  booktitle={International conference on machine learning},
  pages={2302--2312},
  year={2020},
  organization={PMLR}
}

@article{huang2023conditional,
  title={Conditional diffusion based on discrete graph structures for molecular graph generation},
  author={Huang, Han and Sun, Leilei and Du, Bowen and Lv, Weifeng},
  journal={arXiv preprint arXiv:2301.00427},
  year={2023}
}


@article{vignac2022digress,
  title={Digress: Discrete denoising diffusion for graph generation},
  author={Vignac, Clement and Krawczuk, Igor and Siraudin, Antoine and Wang, Bohan and Cevher, Volkan and Frossard, Pascal},
  journal={arXiv preprint arXiv:2209.14734},
  year={2022}
}

@inproceedings{you2018graphrnn,
  title={Graphrnn: Generating realistic graphs with deep auto-regressive models},
  author={You, Jiaxuan and Ying, Rex and Ren, Xiang and Hamilton, William and Leskovec, Jure},
  booktitle={International conference on machine learning},
  pages={5708--5717},
  year={2018},
  organization={PMLR}
}

@inproceedings{qiu2022generating,
  title={Generating perturbation-based explanations with robustness to out-of-distribution data},
  author={Qiu, Luyu and Yang, Yi and Cao, Caleb Chen and Zheng, Yueyuan and Ngai, Hilary and Hsiao, Janet and Chen, Lei},
  booktitle={Proceedings of the ACM Web Conference 2022},
  pages={3594--3605},
  year={2022}
}

@article{chen2023generative,
  title={Generative Explanations for Graph Neural Network: Methods and Evaluations},
  author={Chen, Jialin and Amara, Kenza and Yu, Junchi and Ying, Rex},
  journal={arXiv preprint arXiv:2311.05764},
  year={2023}
}

@inproceedings{chang2018explaining,
title={Explaining Image Classifiers by Counterfactual Generation},
author={Chun-Hao Chang and Elliot Creager and Anna Goldenberg and David Duvenaud},
booktitle={International Conference on Learning Representations},
year={2019},
url={https://openreview.net/forum?id=B1MXz20cYQ},
}

@article{kingma2014adam,
  title={Adam: A method for stochastic optimization},
  author={Kingma, Diederik P and Ba, Jimmy},
  journal={arXiv preprint arXiv:1412.6980},
  year={2014}
}

@article{rao2021xfraud,
  title={xFraud: explainable fraud transaction detection},
  author={Rao, Susie Xi and Zhang, Shuai and Han, Zhichao and Zhang, Zitao and Min, Wei and Chen, Zhiyao and Shan, Yinan and Zhao, Yang and Zhang, Ce},
  journal={Proceedings of the VLDB Endowment},
  volume={15},
  number={3},
  pages={427--436},
  year={2021},
  publisher={VLDB Endowment}
}

@inproceedings{pope2019explainability,
  title={Explainability methods for graph convolutional neural networks},
  author={Pope, Phillip E and Kolouri, Soheil and Rostami, Mohammad and Martin, Charles E and Hoffmann, Heiko},
  booktitle={Proceedings of the IEEE/CVF conference on computer vision and pattern recognition},
  pages={10772--10781},
  year={2019}
}


@article{min2021stgsn,
  title={STGSN—A Spatial--Temporal Graph Neural Network framework for time-evolving social networks},
  author={Min, Shengjie and Gao, Zhan and Peng, Jing and Wang, Liang and Qin, Ke and Fang, Bo},
  journal={Knowledge-Based Systems},
  volume={214},
  pages={106746},
  year={2021},
  publisher={Elsevier}
}

@inproceedings{zhang2023regexplainer,
  title={RegExplainer: Generating Explanations for Graph Neural Networks in Regression Tasks},
  author={Zhang, Jiaxing and Chen, Zhuomin and Luo, Dongsheng and Wei, Hua and others},
  booktitle={The Second Learning on Graphs Conference},
  year={2023}
}

@inproceedings{jang2017categorical,
title={Categorical Reparameterization with Gumbel-Softmax},
author={Eric Jang and Shixiang Gu and Ben Poole},
booktitle={International Conference on Learning Representations},
year={2017},
url={https://openreview.net/forum?id=rkE3y85ee}
}


@article{bank2023autoencoders,
  title={Autoencoders},
  author={Bank, Dor and Koenigstein, Noam and Giryes, Raja},
  journal={Machine learning for data science handbook: data mining and knowledge discovery handbook},
  pages={353--374},
  year={2023},
  publisher={Springer}
}

@inproceedings{maddison2017the,
title={The Concrete Distribution: A Continuous Relaxation of Discrete Random Variables},
author={Chris J. Maddison and Andriy Mnih and Yee Whye Teh},
booktitle={International Conference on Learning Representations},
year={2017},
url={https://openreview.net/forum?id=S1jE5L5gl}
}


@inproceedings{huang2024factorized,
  title={Factorized Explainer for Graph Neural Networks},
  author={Huang, Rundong and Shirani, Farhad and Luo, Dongsheng},
  booktitle={Proceedings of the AAAI conference on artificial intelligence},
  year={2024}
}

@inproceedings{li2021spatial,
  title={Spatial-temporal fusion graph neural networks for traffic flow forecasting},
  author={Li, Mengzhang and Zhu, Zhanxing},
  booktitle={Proceedings of the AAAI conference on artificial intelligence},
  pages={4189--4196},
  year={2021}
}

@inproceedings{wang2020traffic,
  title={Traffic flow prediction via spatial temporal graph neural network},
  author={Wang, Xiaoyang and Ma, Yao and Wang, Yiqi and Jin, Wei and Wang, Xin and Tang, Jiliang and Jia, Caiyan and Yu, Jian},
  booktitle={Proceedings of the web conference 2020},
  pages={1082--1092},
  year={2020}
}


@inproceedings{sorokin2018modeling,
  title={Modeling Semantics with Gated Graph Neural Networks for Knowledge Base Question Answering},
  author={Sorokin, Daniil and Gurevych, Iryna},
  booktitle={Proceedings of the 27th International Conference on Computational Linguistics},
  pages={3306--3317},
  year={2018}
}

@article{voigt2017eu,
  title={The eu general data protection regulation (gdpr)},
  author={Voigt, Paul and Von dem Bussche, Axel},
  journal={A Practical Guide, 1st Ed., Cham: Springer International Publishing},
  volume={10},
  number={3152676},
  pages={10--5555},
  year={2017},
  publisher={Springer}
}



@inproceedings{zhang2023mixupexplainer,
  title={MixupExplainer: Generalizing Explanations for Graph Neural Networks with Data Augmentation},
  author={Zhang, Jiaxing and Luo, Dongsheng and Wei, Hua},
  booktitle={Proceedings of the 29th ACM SIGKDD Conference on Knowledge Discovery and Data Mining},
  pages={3286--3296},
  year={2023}
}

@inproceedings{fang2023cooperative,
  title={Cooperative Explanations of Graph Neural Networks},
  author={Fang, Junfeng and Wang, Xiang and Zhang, An and Liu, Zemin and He, Xiangnan and Chua, Tat-Seng},
  booktitle={Proceedings of the Sixteenth ACM International Conference on Web Search and Data Mining},
  pages={616--624},
  year={2023}
}

@inproceedings{fang2023evaluating,
  title={Evaluating Post-hoc Explanations for Graph Neural Networks via Robustness Analysis},
  author={Fang, Junfeng and Liu, Wei and Gao, Yuan and Liu, Zemin and Zhang, An and Wang, Xiang and He, Xiangnan},
  booktitle={Thirty-seventh Conference on Neural Information Processing Systems},
  year={2023}
}


@inproceedings{zheng2024towards,
title={Towards Robust Fidelity for Evaluating Explainability of Graph Neural Networks},
author={Xu Zheng and Farhad Shirani and Tianchun Wang and Wei Cheng and Zhuomin Chen and Haifeng Chen and Hua Wei and Dongsheng Luo},
booktitle={The Twelfth International Conference on Learning Representations},
year={2024},
url={https://openreview.net/forum?id=up6hr4hIQH}
}


@inproceedings{miao2023interpretable,
  title={Interpretable Geometric Deep Learning via Learnable Randomness Injection},
  author={Miao, Siqi and Luo, Yunan and Liu, Mia and Li, Pan},
  booktitle={Proceedings of the International Conference on Learning Representations (ICLR)},
  year={2023}
}

@inproceedings{wang2016structural,
  title={Structural deep network embedding},
  author={Wang, Daixin and Cui, Peng and Zhu, Wenwu},
  booktitle={Proceedings of the 22nd ACM SIGKDD international conference on Knowledge discovery and data mining},
  pages={1225--1234},
  year={2016}
}

@inproceedings{chen2023dexplainer,
title={D4Explainer: In-distribution Explanations of Graph Neural Network via Discrete Denoising Diffusion},
author={Jialin Chen and Shirley Wu and Abhijit Gupta and Zhitao Ying},
booktitle={Thirty-seventh Conference on Neural Information Processing Systems},
year={2023},
url={https://openreview.net/forum?id=GJtP1ZEzua}
}

@article{erdHos1960evolution,
  title={On the evolution of random graphs},
  author={Erd{\H{o}}s, Paul and R{\'e}nyi, Alfr{\'e}d and others},
  journal={Publ. math. inst. hung. acad. sci},
  volume={5},
  number={1},
  pages={17--60},
  year={1960}
}

@inproceedings{azzolin2023global,
  title={Global explainability of gnns via logic combination of learned concepts},
  author={Azzolin, Steve and Longa, Antonio and Barbiero, Pietro and Li{\`o}, Pietro and Passerini, Andrea},
  booktitle={Proceedings of the International Conference on Learning Representations (ICLR)},
  year={2023}
}

@article{ma2022clear,
  title={Clear: Generative counterfactual explanations on graphs},
  author={Ma, Jing and Guo, Ruocheng and Mishra, Saumitra and Zhang, Aidong and Li, Jundong},
  journal={Advances in Neural Information Processing Systems},
  volume={35},
  pages={25895--25907},
  year={2022}
}

@article{xie2022task,
  title={Task-agnostic graph explanations},
  author={Xie, Yaochen and Katariya, Sumeet and Tang, Xianfeng and Huang, Edward and Rao, Nikhil and Subbian, Karthik and Ji, Shuiwang},
  journal={Advances in Neural Information Processing Systems},
  volume={35},
  pages={12027--12039},
  year={2022}
}


@inproceedings{hamilton2017inductive,
 author = {Hamilton, Will and Ying, Zhitao and Leskovec, Jure},
 booktitle = {Advances in Neural Information Processing Systems},
 title = {Inductive Representation Learning on Large Graphs},
 volume = {30},
 year = {2017}
}


@article{zhang2024trustworthy,
  author={Zhang, He and Wu, Bang and Yuan, Xingliang and Pan, Shirui and Tong, Hanghang and Pei, Jian},
  journal={Proceedings of the IEEE}, 
  title={Trustworthy Graph Neural Networks: Aspects, Methods, and Trends}, 
  year={2024},
  volume={112},
  number={2},
  pages={97-139},
  doi={10.1109/JPROC.2024.3369017}
}



@article{wu2022survey,
  title={A survey of trustworthy graph learning: Reliability, explainability, and privacy protection},
  author={Wu, Bingzhe and Li, Jintang and Yu, Junchi and Bian, Yatao and Zhang, Hengtong and Chen, CHaochao and Hou, Chengbin and Fu, Guoji and Chen, Liang and Xu, Tingyang and others},
  journal={arXiv preprint arXiv:2205.10014},
  year={2022}
}

@article{li2022survey,
  title={A survey of explainable graph neural networks: Taxonomy and evaluation metrics},
  author={Li, Yiqiao and Zhou, Jianlong and Verma, Sunny and Chen, Fang},
  journal={arXiv preprint arXiv:2207.12599},
  year={2022}
}

@inproceedings{wang2022gnninterpreter,
  title={GNNInterpreter: A Probabilistic Generative Model-Level Explanation for Graph Neural Networks},
  author={Wang, Xiaoqi and Shen, Han-Wei},
  booktitle={Proceedings of the International Conference on Learning Representations (ICLR)},
  year={2023}
}

@inproceedings{lin2021generative,
  title={Generative causal explanations for graph neural networks},
  author={Lin, Wanyu and Lan, Hao and Li, Baochun},
  booktitle={International Conference on Machine Learning},
  pages={6666--6679},
  year={2021},
  organization={PMLR}
}


@article{feng2020graph,
  title={Graph random neural networks for semi-supervised learning on graphs},
  author={Feng, Wenzheng and Zhang, Jie and Dong, Yuxiao and Han, Yu and Luan, Huanbo and Xu, Qian and Yang, Qiang and Kharlamov, Evgeny and Tang, Jie},
  journal={Advances in neural information processing systems},
  volume={33},
  pages={22092--22103},
  year={2020}
}


@article{zhang2018link,
  title={Link prediction based on graph neural networks},
  author={Zhang, Muhan and Chen, Yixin},
  journal={Advances in neural information processing systems},
  volume={31},
  year={2018}
}


@article{bouritsas2022improving,
  title={Improving graph neural network expressivity via subgraph isomorphism counting},
  author={Bouritsas, Giorgos and Frasca, Fabrizio and Zafeiriou, Stefanos and Bronstein, Michael M},
  journal={IEEE Transactions on Pattern Analysis and Machine Intelligence},
  volume={45},
  number={1},
  pages={657--668},
  year={2022},
  publisher={IEEE}
}

@inproceedings{satorras2021n,
  title={E (n) equivariant graph neural networks},
  author={Satorras, V{\i}ctor Garcia and Hoogeboom, Emiel and Welling, Max},
  booktitle={International conference on machine learning},
  pages={9323--9332},
  year={2021},
  organization={PMLR}
}



@misc{fang2022regularization,
title={On Regularization for Explaining Graph Neural Networks: An Information Theory Perspective},
author={Junfeng Fang and Wei Liu and An Zhang and Xiang Wang and Xiangnan He and Kun Wang and Tat-Seng Chua},
year={2023},
url={https://openreview.net/forum?id=5rX7M4wa2R_}
}

@inproceedings{xu2018powerful,
    title={How Powerful are Graph Neural Networks?},
    author={Keyulu Xu and Weihua Hu and Jure Leskovec and Stefanie Jegelka},
    booktitle={International Conference on Learning Representations},
    year={2019},
    url={https://openreview.net/forum?id=ryGs6iA5Km},
}


@article{debnath1991structure,
  title={Structure-activity relationship of mutagenic aromatic and heteroaromatic nitro compounds. correlation with molecular orbital energies and hydrophobicity},
  author={Debnath, Asim Kumar and Lopez de Compadre, Rosa L and Debnath, Gargi and Shusterman, Alan J and Hansch, Corwin},
  journal={Journal of medicinal chemistry},
  volume={34},
  number={2},
  pages={786--797},
  year={1991},
  publisher={ACS Publications}
}

@misc{funke2020hard,
title={Hard Masking for Explaining Graph Neural Networks},
author={Thorben Funke and Megha Khosla and Avishek Anand},
year={2021},
url={https://openreview.net/forum?id=uDN8pRAdsoC}
}

@inproceedings{azzolin2022global,
title={Global Explainability of {GNN}s via Logic Combination of Learned Concepts},
author={Steve Azzolin and Antonio Longa and Pietro Barbiero and Pietro Lio and Andrea Passerini},
booktitle={The Eleventh International Conference on Learning Representations },
year={2023},
url={https://openreview.net/forum?id=OTbRTIY4YS}
}


@inproceedings{kipf2017semisupervised,
    title={Semi-Supervised Classification with Graph Convolutional Networks},
    author={Thomas N. Kipf and Max Welling},
    booktitle={International Conference on Learning Representations},
    year={2017},
    url={https://openreview.net/forum?id=SJU4ayYgl}
}


@inproceedings{velivckovic2017graph,
title={Graph Attention Networks},
author={Petar Veličković and Guillem Cucurull and Arantxa Casanova and Adriana Romero and Pietro Liò and Yoshua Bengio},
booktitle={International Conference on Learning Representations},
year={2018},
url={https://openreview.net/forum?id=rJXMpikCZ},
}

@article{baldassarre2019explainability,
  title={Explainability techniques for graph convolutional networks},
  author={Baldassarre, Federico and Azizpour, Hossein},
  journal={arXiv preprint arXiv:1905.13686},
  year={2019}
}

@inproceedings{jethani2023don,
  title={Don’t be fooled: label leakage in explanation methods and the importance of their quantitative evaluation},
  author={Jethani, Neil and Saporta, Adriel and Ranganath, Rajesh},
  booktitle={International Conference on Artificial Intelligence and Statistics},
  pages={8925--8953},
  year={2023},
  organization={PMLR}
}

@inproceedings{fel2023don,
  title={Don't Lie to Me! Robust and Efficient Explainability with Verified Perturbation Analysis},
  author={Fel, Thomas and Ducoffe, M{\'e}lanie and Vigouroux, David and Cad{\`e}ne, R{\'e}mi and Capelle, Mikael and Nicod{\`e}me, Claire and Serre, Thomas},
  booktitle={Proceedings of the IEEE/CVF Conference on Computer Vision and Pattern Recognition},
  pages={16153--16163},
  year={2023}
}

@inproceedings{dai2021towards,
  title={Towards self-explainable graph neural network},
  author={Dai, Enyan and Wang, Suhang},
  booktitle={Proceedings of the 30th ACM International Conference on Information \& Knowledge Management},
  pages={302--311},
  year={2021}
}

@article{wu2020graph,
  title={Graph information bottleneck},
  author={Wu, Tailin and Ren, Hongyu and Li, Pan and Leskovec, Jure},
  journal={Advances in Neural Information Processing Systems},
  volume={33},
  pages={20437--20448},
  year={2020}
}

@inproceedings{zhao2023towards,
  title={Towards Faithful and Consistent Explanations for Graph Neural Networks},
  author={Zhao, Tianxiang and Luo, Dongsheng and Zhang, Xiang and Wang, Suhang},
  booktitle={Proceedings of the Sixteenth ACM International Conference on Web Search and Data Mining},
  pages={634--642},
  year={2023}
}

@article{sanchez2020evaluating,
  title={Evaluating attribution for graph neural networks},
  author={Sanchez-Lengeling, Benjamin and Wei, Jennifer and Lee, Brian and Reif, Emily and Wang, Peter and Qian, Wesley and McCloskey, Kevin and Colwell, Lucy and Wiltschko, Alexander},
  journal={Advances in neural information processing systems},
  volume={33},
  pages={5898--5910},
  year={2020}
}

@inproceedings{hsieh2021evaluations,
title={Evaluations and Methods for Explanation through Robustness Analysis},
author={Cheng-Yu Hsieh and Chih-Kuan Yeh and Xuanqing Liu and Pradeep Kumar Ravikumar and Seungyeon Kim and Sanjiv Kumar and Cho-Jui Hsieh},
booktitle={International Conference on Learning Representations},
year={2021},
url={https://openreview.net/forum?id=4dXmpCDGNp7}
}

@article{qiu2021resisting,
  title={Resisting out-of-distribution data problem in perturbation of xai},
  author={Qiu, Luyu and Yang, Yi and Cao, Caleb Chen and Liu, Jing and Zheng, Yueyuan and Ngai, Hilary Hei Ting and Hsiao, Janet and Chen, Lei},
  journal={arXiv preprint arXiv:2107.14000},
  year={2021}
}

@inproceedings{delaney2021instance,
  title={Instance-based counterfactual explanations for time series classification},
  author={Delaney, Eoin and Greene, Derek and Keane, Mark T},
  booktitle={International Conference on Case-Based Reasoning},
  pages={32--47},
  year={2021},
  organization={Springer}
}


@article{azizmalayeri2022your,
  title={Your Out-of-Distribution Detection Method is Not Robust!},
  author={Azizmalayeri, Mohammad and Soltani Moakhar, Arshia and Zarei, Arman and Zohrabi, Reihaneh and Manzuri, Mohammad and Rohban, Mohammad Hossein},
  journal={Advances in Neural Information Processing Systems},
  volume={35},
  pages={4887--4901},
  year={2022}
}


@book{myers2013research,
  title={Research design and statistical analysis},
  author={Myers, Jerome L and Well, Arnold D and Lorch Jr, Robert F},
  year={2013},
  publisher={Routledge}
}
